@online{rpi_gpio,
	author    = {dirkk},
	title 	  = {Raspberry Pi GPIO Pin Layout with Pi},
	url       = {https://openclipart.org/detail/264608/raspberry-pi-gpio-pin-layout-with-pi},
	urldate   = {2017-03-28}
}

@online{hdmi_pinout,
	author    = {Lammert Bies},
	title 	  = {HDMI Type A Pin Layout},
	url       = {https://www.lammertbies.nl/comm/cable/HDMI.html},
	urldate   = {2017-03-28}
}

@online{lowpower_lib,
	author	= {LowPowerLab},
	title	= {LowPower Library},
	url		= {https://github.com/LowPowerLab/LowPower},
	urldate	= {2017-03-31}
}

@online{python_tutorial_intro,
	author = {Michael Markert},
	title = {Python Tutorial},
	url	= {https://py-tutorial-de.readthedocs.io/de/python-3.3/},
	urldate = {2017-04-03}
}

@online{python_tutorial_appetite,
	author = {Michael Markert},
	title = {Python Tutorial - ''Um dich auf den Geschmack zu bringen''},
	url	= {https://py-tutorial-de.readthedocs.io/de/python-3.3/appetite.html},
	urldate = {2017-04-03}
}

@online{python_wiki,
	author = {wikipedia.org},
	title = {Python (Programmiersprache)},
	url = {https://de.wikipedia.org/wiki/Python_%28Programmiersprache%29},
	urldate = {2017-04-03}
}

@online{c_lang_intro,
	author = {P. BÃ¶hme},
	title = {Programmiersprache C/C++},
	url = {http://www2.informatik.uni-halle.de/lehre/c/c11.html},
	urldate = {2017-04-03}
}

@online{c_wiki,
	author = {wikipedia.org},
	title = {C (Programmiersprache)},
	url = {https://de.wikipedia.org/wiki/C_%28Programmiersprache%29},
	urldate = {2017-04-03}
}

@online{arduino_wiki,
	author = {wikipedia.org},
	title = {Arduino (Plattform)},
	url = {https://de.wikipedia.org/wiki/Arduino_%28Plattform%29},
	urldate = {2017-04-03}
}