@online{math_gleichung,
	author    = {Wikipedia},
	url       = {https://de.wikipedia.org/wiki/Gleichung},
	urldate   = {2017-03-25}
}
@online{math_gauss_verfahren,
	author    = {Dieter Heidorn},
	url       = {http://www.dieter-heidorn.de/Mathematik/RP_LA_AG1/K3_Gleichungssysteme/K32_Gauss/Gauss.html},
	urldate   = {2017-03-26}
}
@online{math_taylor_entwicklung,
	author    = {Universit√§t Magdeburg},
	url       = {http://www.uni-magdeburg.de/exph/mathe_gl/taylorreihe.pdf},
	urldate   = {2017-03-28}
}